<?xml version="1.0" encoding="UTF-8"?><record xmlns="http://www.loc.gov/MARC21/slim" xmlns:cinclude="http://apache.org/cocoon/include/1.0" xmlns:zs="http://www.loc.gov/zing/srw/">
  <leader>00543nz  a2200133n  4500</leader>
  <controlfield tag="001">nr 94007643 </controlfield>
  <controlfield tag="003">DLC</controlfield>
  <controlfield tag="005">19940311053227.5</controlfield>
  <controlfield tag="008">940307n| acannaab|          |a aaa      </controlfield>
  <datafield tag="010" ind1=" " ind2=" ">
    <subfield code="a">nr 94007643 </subfield>
  </datafield>
  <datafield tag="040" ind1=" " ind2=" ">
    <subfield code="a">DLC-R</subfield>
    <subfield code="c">DLC-R</subfield>
  </datafield>
  <datafield tag="100" ind1="1" ind2="0">
    <subfield code="a">Grayevsḳi, Pinḥas ben Tsevi,</subfield>
    <subfield code="d">1873-1941.</subfield>
    <subfield code="t">Zikaron la-ḥovevim ha-rishonim (Mafteaḥ shemot ṿe-nośʼim)</subfield>
  </datafield>
  <datafield tag="400" ind1="1" ind2="0">
    <subfield code="a">Grayevsḳi, Pinḥas ben Tsevi,</subfield>
    <subfield code="d">1873-1941.</subfield>
    <subfield code="t">Zikaron la-ḥovevim ha-rishonim</subfield>
  </datafield>
  <datafield tag="670" ind1=" " ind2=" ">
    <subfield code="a">His Zikaron la-ḥovevin ha-rishonim, 1992-   :</subfield>
    <subfield code="b">vol. 1, t.p. (mafteaḥ shemot ṿe-nośʼim)</subfield>
  </datafield>
</record>